<?xml version="1.0" encoding="UTF-8"?>
<record xmlns="http://www.loc.gov/MARC21/slim">
   <leader>01376cam a2200313 a 4500</leader>
   <controlfield tag="001">477981</controlfield>
   <controlfield tag="003">NjP</controlfield>
   <controlfield tag="005">20190705140826.0</controlfield>
   <controlfield tag="008">881110s1954    ua           f000 0 ara d</controlfield>
   <datafield tag="024" ind1="7" ind2=" ">
      <subfield code="a">princeton_aco003740</subfield>
      <subfield code="2">local</subfield>
   </datafield>
   <datafield ind1=" " ind2=" " tag="040">
      <subfield code="a">NjP</subfield>
      <subfield code="c">PUL</subfield>
      <subfield code="d">PUL</subfield>
   </datafield>
   <datafield ind1=" " ind2=" " tag="035">
      <subfield code="a">(CStRLIN)NJPG88-B56310</subfield>
   </datafield>
   <datafield ind1=" " ind2=" " tag="035">
      <subfield code="9">ACF3667TS</subfield>
   </datafield>
   <datafield ind1=" " ind2=" " tag="035">
      <subfield code="a">(NjP)477981</subfield>
   </datafield>
   <datafield ind1=" " ind2=" " tag="043">
      <subfield code="a">f-ua---</subfield>
   </datafield>
   <datafield ind1=" " ind2=" " tag="049">
      <subfield code="a">PULL</subfield>
   </datafield>
   <datafield ind1=" " ind2=" " tag="035">
      <subfield code="a">(OCoLC)ocm23700043</subfield>
   </datafield>
   <datafield ind1="2" ind2=" " tag="110">
      <subfield code="6">880-01</subfield>
      <subfield code="a">Jamʻīyat Dīwān al-Muwaẓẓafīn (Cairo, Egypt).</subfield>
      <subfield code="0">http://id.loc.gov/authorities/names/n85097721</subfield>
   </datafield>
   <datafield ind1="1" ind2="0" tag="245">
      <subfield code="6">880-02</subfield>
      <subfield code="a">Majmūʻat al-kutub al-dawrīyah allatī aṣdarahā al-Dīwān mundhu inshāʼihi fī ʻām 1952.</subfield>
   </datafield>
   <datafield ind1=" " ind2=" " tag="260">
      <subfield code="6">880-03</subfield>
      <subfield code="a">[Cairo] :</subfield>
      <subfield code="b">Jumhūrīyat Miṣr, Dīwān al-Muwaẓẓafīn,</subfield>
      <subfield code="c">1954.</subfield>
   </datafield>
   <datafield ind1=" " ind2=" " tag="300">
      <subfield code="a">125 cm. ;</subfield>
      <subfield code="c">33 cm.</subfield>
   </datafield>
   <datafield ind1=" " ind2="0" tag="650">
      <subfield code="a">Civil service</subfield>
      <subfield code="z">Egypt.</subfield>
      <subfield code="0">http://id.loc.gov/authorities/subjects/sh2009120253</subfield>
   </datafield>
   <datafield ind1="2" ind2=" " tag="880">
      <subfield code="6">110-01/r</subfield>
      <subfield code="a">جمعية ديوان الموظفين (القاهرة، مصر).</subfield>
   </datafield>
   <datafield ind1="1" ind2="0" tag="880">
      <subfield code="6">245-02/r</subfield>
      <subfield code="a">مجموعة الكتب الدورية التي اصدرها الديوان منذ انشائه في عام 1952.</subfield>
   </datafield>
   <datafield ind1=" " ind2=" " tag="880">
      <subfield code="6">260-03/r</subfield>
      <subfield code="a">[القاهرة] :</subfield>
      <subfield code="b">جمهورية مصر، ديوان الموظفين،</subfield>
      <subfield code="c">1954.</subfield>
   </datafield>
   <datafield ind1=" " ind2=" " tag="998">
      <subfield code="a">04/20/93</subfield>
      <subfield code="s">9118</subfield>
      <subfield code="n">NjP</subfield>
      <subfield code="w">NJPG88B56310</subfield>
      <subfield code="d">11/10/88</subfield>
      <subfield code="c">JEB</subfield>
      <subfield code="b">MWC</subfield>
      <subfield code="i">930420</subfield>
      <subfield code="l">NJPG</subfield>
   </datafield>
   <datafield ind1=" " ind2=" " tag="911">
      <subfield code="a">19930429</subfield>
   </datafield>
   <datafield ind1=" " ind2=" " tag="912">
      <subfield code="a">19930420000000.0</subfield>
   </datafield>
   <datafield ind1=" " ind2=" " tag="994">
      <subfield code="a">C0</subfield>
      <subfield code="b">PUL</subfield>
   </datafield>
   <datafield ind1=" " ind2=" " tag="999">
      <subfield code="a">477981</subfield>
   </datafield>
   <datafield ind1=" " ind2=" " tag="979">
      <subfield code="a">(OCoLC)ocn175557252</subfield>
   </datafield>
   <datafield ind1="0" ind2="0" tag="852">
      <subfield code="0">519436</subfield>
      <subfield code="b">rcppa</subfield>
      <subfield code="t">1</subfield>
      <subfield code="c">Oversize</subfield>
      <subfield code="h">JQ3801</subfield>
      <subfield code="i">.M345q</subfield>
      <subfield code="x">tr fr arab</subfield>
   </datafield>
   <datafield ind1=" " ind2=" " tag="959">
      <subfield code="a">2000-06-13 00:00:00 -0400</subfield>
   </datafield>
</record>
